<?xml version="1.0" encoding="UTF-8"?><collection xmlns="http://www.loc.gov/MARC21/slim"><record><leader>00541nam--2200181-u-4500</leader><controlfield tag="001">000055561</controlfield><controlfield tag="002">20161230</controlfield><controlfield tag="005">20161230201052</controlfield><controlfield tag="008">130225s1000------------r-----000-0-eng-d</controlfield><datafield ind1=" " ind2=" " tag="040"><subfield code="a">IFIN-HH</subfield></datafield><datafield ind1=" " ind2=" " tag="080"><subfield code="a">030.8</subfield></datafield><datafield ind1="1" ind2=" " tag="100"><subfield code="a">Czerwonko, J</subfield></datafield><datafield ind1="1" ind2="0" tag="245"><subfield code="a">Rosyjsko-polski slownik fizyki i techniki jadrowej</subfield><subfield code="b">Russko-polskii slovari po iadernoi fizike i tehnike</subfield><subfield code="c">J. czerwonko, j. sosnowski</subfield></datafield><datafield ind1=" " ind2=" " tag="260"><subfield code="a">Moskva</subfield><subfield code="b">Sovatskaia Entiklopedia</subfield><subfield code="c">1966</subfield></datafield><datafield ind1=" " ind2=" " tag="300"><subfield code="a">439P</subfield></datafield><datafield ind1="1" ind2=" " tag="700"><subfield code="a">Sosnowski, J</subfield></datafield><datafield ind1=" " ind2=" " tag="852"><subfield code="a">D.384</subfield><subfield code="c">SLT</subfield></datafield><datafield ind1=" " ind2=" " tag="CAT"><subfield code="a">Sys</subfield><subfield code="c">20130225</subfield><subfield code="h">155116</subfield></datafield></record></collection>